<?xml version="1.0" encoding="UTF-8"?><collection xmlns="http://www.loc.gov/MARC21/slim"><record><leader>00338nam--2200121-i-4500</leader><controlfield tag="001">000016273</controlfield><controlfield tag="002">20161230</controlfield><controlfield tag="005">20161230201031</controlfield><controlfield tag="008">060222s1000------------r-----000-0-eng-d</controlfield><datafield ind1=" " ind2=" " tag="100"><subfield code="a">Blaise,Rene</subfield></datafield><datafield ind1=" " ind2=" " tag="245"><subfield code="a">Contribution a l etude des alliages antifricti ons et de leur corrosion.these</subfield></datafield><datafield ind1=" " ind2=" " tag="260"><subfield code="a">Nantes,Universite,1963. 17op</subfield></datafield><datafield ind1=" " ind2=" " tag="852"><subfield code="a">77974</subfield></datafield></record></collection>